ISA*00*          *00*          *ZZ*WHOLESALE      *ZZ*EZRIRX         *170725*0400*U*00401*000000001*0*P*~
GS*RA*WHOLESALE*EZRIRX*20180208*0400*1*X*004010
ST*820*0001
BPR*I*1234.99*C*ACH
TRN*1*PJQRCG47
CUR*BY*USD
DTM*097*20180208
N1*PE*Newcastle United F.C
N1*PR*Sunderland A.F.C*92*AB1234567
ENT*1
RMR*IV*606266**1234.99
REF*PO*R276914531
SE*11*0001
GE*1*1
IEA*1*000000001
